@article{3_deBernardis2000,
  doi = {10.1038/35010035},
  url = {https://doi.org/10.1038/35010035},
  year = {2000},
  month = apr,
  publisher = {Springer Science and Business Media {LLC}},
  volume = {404},
  number = {6781},
  pages = {955--959},
  author = {P. de Bernardis and P. A. R. Ade and J. J. Bock and J. R. Bond and J. Borrill and A. Boscaleri and K. Coble and B. P. Crill and G. De Gasperis and P. C. Farese and P. G. Ferreira and K. Ganga and M. Giacometti and E. Hivon and V. V. Hristov and A. Iacoangeli and A. H. Jaffe and A. E. Lange and L. Martinis and S. Masi and P. V. Mason and P. D. Mauskopf and A. Melchiorri and L. Miglio and T. Montroy and C. B. Netterfield and E. Pascale and F. Piacentini and D. Pogosyan and S. Prunet and S. Rao and G. Romeo and J. E. Ruhl and F. Scaramuzzi and D. Sforna and N. Vittorio},
  title = {A flat Universe from high-resolution maps of the cosmic microwave background radiation},
  journal = {Nature}
}
@article{5_Efstathiou2002,
  doi = {10.1046/j.1365-8711.2002.05215.x},
  url = {https://doi.org/10.1046/j.1365-8711.2002.05215.x},
  year = {2002},
  month = feb,
  publisher = {Oxford University Press ({OUP})},
  volume = {330},
  number = {2},
  pages = {L29--L35},
  author = {G. Efstathiou and Stephen Moody and John A. Peacock and Will J. Percival and Carlton Baugh and Joss Bland-Hawthorn and Terry Bridges and Russell Cannon and Shaun Cole and Matthew Colless and Chris Collins and Warrick Couch and Gavin Dalton and Roberto De Propris and Simon P. Driver and Richard S. Ellis and Carlos S. Frenk and Karl Glazebrook and Carole Jackson and Ofer Lahav and Ian Lewis and Stuart Lumsden and Steve Maddox and Peder Norberg and Bruce A. Peterson and Will Sutherland and Keith Taylor and},
  title = {Evidence for a non-zero and a low matter density from a combined analysis of the 2dF Galaxy Redshift Survey and cosmic microwave background anisotropies},
  journal = {Monthly Notices of the Royal Astronomical Society}
}
@misc{6_peacock,
Author = {J. A. Peacock and M. Colless and I. Baldry and C. Baugh and J. Bland-Hawthorn and T. J. Bridges and R. Cannon and S. Cole and C. A. Collins and W. Couch and G. B. Dalton and R. De Propris and S. P. Driver and G. Efstathiou and R. S. Ellis and C. S. Frenk and K. Glazebrook and C. A. Jackson and O. Lahav and I. J. Lewis and S. Lumsden and S. J. Maddox and D. Madgwick and P. Norberg and W. Percival and B. A. Peterson and W. J. Sutherland and K. Taylor},
Title = {Studying large-scale structure with the 2dF Galaxy Redshift Survey},
Year = {2002},
Eprint = {arXiv:astro-ph/0204239},
}
@article{7_Caldwell1998,
  doi = {10.1103/physrevlett.80.1582},
  url = {https://doi.org/10.1103/physrevlett.80.1582},
  year = {1998},
  month = feb,
  publisher = {American Physical Society ({APS})},
  volume = {80},
  number = {8},
  pages = {1582--1585},
  author = {R. R. Caldwell and Rahul Dave and Paul J. Steinhardt},
  title = {Cosmological Imprint of an Energy Component with General Equation of State},
  journal = {Physical Review Letters}
}
@article{9_Gabbasov2006,
  doi = {10.1051/0004-6361:20054254},
  url = {https://doi.org/10.1051/0004-6361:20054254},
  year = {2006},
  month = mar,
  publisher = {{EDP} Sciences},
  volume = {449},
  number = {3},
  pages = {1043--1059},
  author = {R. F. Gabbasov and M. A. Rodr{\'{\i}}guez-Meza and J. Klapp and J. L. Cervantes-Cota},
  title = {The influence of numerical parameters on~tidally~triggered~bar~formation},
  journal = {Astronomy {\&} Astrophysics}
}
@article{10_Springel2001,
  doi = {10.1016/s1384-1076(01)00042-2},
  url = {https://doi.org/10.1016/s1384-1076(01)00042-2},
  year = {2001},
  month = apr,
  publisher = {Elsevier {BV}},
  volume = {6},
  number = {2},
  pages = {79--117},
  author = {Volker Springel and Naoki Yoshida and Simon D.M. White},
  title = {{GADGET}: a code for collisionless and gasdynamical cosmological simulations},
  journal = {New Astronomy}
}

@article{11_RodrguezMeza2004,
  doi = {10.1111/j.1365-2966.2004.07674.x},
  url = {https://doi.org/10.1111/j.1365-2966.2004.07674.x},
  year = {2004},
  month = may,
  publisher = {Oxford University Press ({OUP})},
  volume = {350},
  number = {2},
  pages = {671--678},
  author = {M. A. Rodr{\'{\i}}guez-Meza and Jorge L. Cervantes-Cota},
  title = {Potential-density pairs for spherical galaxies and bulges: the influence of scalar fields},
  journal = {Monthly Notices of the Royal Astronomical Society}
}

@article{12_Cervantes_Cota_2007,
	doi = {10.1088/1742-6596/91/1/012007},
	url = {https://doi.org/10.1088/1742-6596/91/1/012007},
	year = 2007,
	month = {nov},
	publisher = {{IOP} Publishing},
	volume = {91},
	pages = {012007},
	author = {Jorge L Cervantes-Cota and M A Rodr{\'{\i}}guez-Meza and Dario Nu{\~{n}}ez},
	title = {Flat rotation curves using scalar-tensor theories},
	journal = {Journal of Physics: Conference Series}
}

@article{13_Nagata2002,
  doi = {10.1103/physrevd.66.103510},
  url = {https://doi.org/10.1103/physrevd.66.103510},
  year = {2002},
  month = nov,
  publisher = {American Physical Society ({APS})},
  volume = {66},
  number = {10},
  author = {Ryo Nagata and Takeshi Chiba and Naoshi Sugiyama},
  title = {Observational consequences of the evolution of primordial fluctuations in scalar-tensor cosmology},
  journal = {Physical Review D}
}

@article{14_Nagata2004,
  doi = {10.1103/physrevd.69.083512},
  url = {https://doi.org/10.1103/physrevd.69.083512},
  year = {2004},
  month = apr,
  publisher = {American Physical Society ({APS})},
  volume = {69},
  number = {8},
  author = {Ryo Nagata and Takeshi Chiba and Naoshi Sugiyama},
  title = {{WMAP} constraints on scalar-tensor cosmology and the variation of the gravitational constant},
  journal = {Physical Review D}
}
@article{15_Shirata2005,
  doi = {10.1103/physrevd.71.064030},
  url = {https://doi.org/10.1103/physrevd.71.064030},
  year = {2005},
  month = mar,
  publisher = {American Physical Society ({APS})},
  volume = {71},
  number = {6},
  author = {Akihito Shirata and Tetsuya Shiromizu and Naoki Yoshida and Yasushi Suto},
  title = {Galaxy clustering constraints on deviations from Newtonian gravity at cosmological scales},
  journal = {Physical Review D}
}
@article{16_Umezu2005,
  doi = {10.1103/physrevd.72.044010},
  url = {https://doi.org/10.1103/physrevd.72.044010},
  year = {2005},
  month = aug,
  publisher = {American Physical Society ({APS})},
  volume = {72},
  number = {4},
  author = {Ken-ichi Umezu and Kiyotomo Ichiki and Masanobu Yahiro},
  title = {Cosmological constraints on Newton's constant},
  journal = {Physical Review D}
}
@book{148_breton, 
    place={Berlin}, title={The early universe and observational cosmology}, publisher={Springer}, author={BretoÃÅn Nora and Cervantes-Cota, J L}, year={2004}}