@misc{ine, title={Estadística de Padrón Electoral y Lista Nominal de Electores}, url={https://www.ine.mx/transparencia/datos-abiertos/#/archivo/estadistica-padron-electoral-lista-nominal-electores}, journal={Instituto Nacional Electoral}}

@misc{facebook, title={Survey on Gender Equality at Home Report}, url={https://dataforgood.fb.com/docs/gendersurveyreport/}, journal={Facebook Data for Good}, year={2020}, month={Oct}}